<record><leader>00000cas a22000007a 4500</leader><controlfield tag="001">15063655</controlfield><controlfield tag="008">870113d19201943txuwr ne      0    0eng d</controlfield><controlfield tag="009">6576</controlfield><datafield ind1=" " ind2=" " tag="010"><subfield code="a">sn 86090709 </subfield></datafield><datafield ind1=" " ind2=" " tag="040"><subfield code="a">PPM</subfield><subfield code="b">eng</subfield><subfield code="c">PPM</subfield><subfield code="d">DLC</subfield><subfield code="d">OCL</subfield><subfield code="d">PPM</subfield><subfield code="d">OCLCQ</subfield></datafield><datafield ind1=" " ind2=" " tag="019"><subfield code="a">15063750</subfield></datafield><datafield ind1="1" ind2=" " tag="029"><subfield code="a">AU@</subfield><subfield code="b">000025789875</subfield></datafield><datafield ind1=" " ind2=" " tag="042"><subfield code="a">msc</subfield></datafield><datafield ind1="0" ind2="4" tag="245"><subfield code="a">The Hamilton herald and record.</subfield></datafield><datafield ind1="3" ind2="0" tag="246"><subfield code="a">Hamilton herald record</subfield></datafield><datafield ind1=" " ind2=" " tag="260"><subfield code="a">Hamilton, Tex. :</subfield><subfield code="b">L.O. Peck,</subfield><subfield code="c">1920-</subfield></datafield><datafield ind1=" " ind2=" " tag="310"><subfield code="a">Weekly</subfield></datafield><datafield ind1="0" ind2=" " tag="362"><subfield code="a">Vol. 21, no. 16 (June 11, 1920)-</subfield></datafield><datafield ind1="1" ind2=" " tag="362"><subfield code="a">Ceased in 1943.</subfield></datafield><datafield ind1=" " ind2=" " tag="500"><subfield code="a">Title varies slightly.</subfield></datafield><datafield ind1=" " ind2=" " tag="752"><subfield code="a">United States</subfield><subfield code="b">Texas</subfield><subfield code="c">Hamilton</subfield><subfield code="d">Hamilton.</subfield></datafield><datafield ind1="0" ind2="4" tag="780"><subfield code="t">Hamilton record and rustler</subfield><subfield code="w">(OCoLC)14265295</subfield></datafield><datafield ind1="0" ind2="4" tag="780"><subfield code="t">Hamilton herald</subfield><subfield code="w">(DLC)sn 86089188</subfield></datafield><datafield ind1="0" ind2="7" tag="785"><subfield code="t">Hamilton County news (Hamilton, Tex. : 1931)</subfield><subfield code="w">(OCoLC)14265301</subfield></datafield><datafield ind1="0" ind2="7" tag="785"><subfield code="t">Hamilton herald-news</subfield><subfield code="w">(OCoLC)14702701</subfield></datafield></record>